@book{textbook,
	author = "Dan Bruni and Greg Dick and Jacob Speijer and Charles Stewart",
	title = "Physics 12",
	publisher = "Nelson Education",
	year = "2012",
}
@misc{einstein1916,
	author = "Albert Einstein",
	title = "Relativity: The Special and General Theory",
	year = "1916",
}
@incollection{twinparadox,
	author = "Michael Weiss",
	booktitle = "Physics {FAQ}",
	editor = "Don Koks",
	publisher = "(n.p.)",
	title = "The Twin Paradox",
	year = "1992--2016",
}
@incollection{sracceleration,
	author = "Philip Gibbs",
	booktitle = "Physics {FAQ}",
	editor = "Don Koks",
	publisher = "(n.p.)",
	title = "Can Special Relativity Handle Acceleration?",
	year = "1996",
}
@incollection{relativisticdoppler,
	author = "Carl Rod Nave",
	booktitle = "HyperPhysics",
	publisher = "Georgia State University",
	title = "Relativistic Doppler Effect",
	year = "1998",
}
@misc{bouttell,
	author = "David Bouttell",
	year = "2017",
}
@book{siunits,
	author = "{BIPM}",
	title = "{SI} Brochure: The International System of Units",
	publisher = "Bureau international des poids et mesures",
	url = "http://www.bipm.org/en/si/si_brochure/",
	edition = "Eighth",
	year = "2006",
}
@book{kogut2012introduction,
	title = "Introduction to Relativity: For Physicists and Astronomers",
	author = "Kogut, J.B.",
	isbn = {9780080924083},
	lccn = {00111388},
	series = {Complementary Science},
	url = {https://books.google.ca/books?id=9AKPpSxiN4IC},
	year = {2012},
	publisher = {Elsevier Science}
}

